<?xml version="1.0" encoding="UTF-8"?><collection xmlns="http://www.loc.gov/MARC21/slim"><record><leader>00512nam--2200181-i-4500</leader><controlfield tag="001">000024834</controlfield><controlfield tag="002">20161230</controlfield><controlfield tag="005">20161230201035</controlfield><controlfield tag="008">060222s1000------------r-----000-0-eng-d</controlfield><datafield ind1=" " ind2=" " tag="040"><subfield code="a">IFIN-HH</subfield></datafield><datafield ind1=" " ind2=" " tag="080"><subfield code="a">539.125.5</subfield></datafield><datafield ind1="1" ind2=" " tag="100"><subfield code="a">Hetrick, David L</subfield></datafield><datafield ind1="1" ind2="0" tag="245"><subfield code="a">Neutron dynamics and control</subfield><subfield code="c">David l. hetrick, lynn e. weaver (coord.)</subfield></datafield><datafield ind1=" " ind2=" " tag="260"><subfield code="a">Springfield</subfield><subfield code="b">U.S.Atomic Energy Commission</subfield><subfield code="c">1966</subfield></datafield><datafield ind1=" " ind2=" " tag="300"><subfield code="a">611 P</subfield></datafield><datafield ind1="1" ind2=" " tag="700"><subfield code="a">Weaver, Lynn E</subfield><subfield code="e">Coord</subfield></datafield><datafield ind1=" " ind2=" " tag="852"><subfield code="a">80070</subfield><subfield code="c">539.17</subfield></datafield><datafield ind1=" " ind2=" " tag="CAT"><subfield code="a">Sys</subfield><subfield code="c">20120628</subfield><subfield code="h">130659</subfield></datafield></record></collection>